<record><leader>00000cas a22000007a 4500</leader><controlfield tag="001">19175720</controlfield><controlfield tag="008">890213d19141922lauwr ne      0    0eng d</controlfield><datafield ind1=" " ind2=" " tag="010"><subfield code="a">sn 89059030 </subfield></datafield><datafield ind1=" " ind2=" " tag="040"><subfield code="a">LNP</subfield><subfield code="b">eng</subfield><subfield code="c">LNP</subfield><subfield code="d">OCLCQ</subfield></datafield><datafield ind1=" " ind2=" " tag="042"><subfield code="a">msc</subfield></datafield><datafield ind1="0" ind2="0" tag="245"><subfield code="a">Winnfield times.</subfield></datafield><datafield ind1=" " ind2=" " tag="260"><subfield code="a">Winnfield, Winn Parish, La. :</subfield><subfield code="b">H.C. Riser &amp; Associates</subfield></datafield><datafield ind1=" " ind2=" " tag="300"><subfield code="a">v.</subfield></datafield><datafield ind1=" " ind2=" " tag="310"><subfield code="a">Weekly</subfield></datafield><datafield ind1="1" ind2=" " tag="362"><subfield code="a">Began in 1914?</subfield></datafield><datafield ind1="0" ind2=" " tag="362"><subfield code="a">-v. 31, no. 5 (Aug. 29, 1922).</subfield></datafield><datafield ind1=" " ind2=" " tag="588"><subfield code="a">Description based on: Vol. 25, no. 15 (June 30, 1916).</subfield></datafield><datafield ind1=" " ind2=" " tag="752"><subfield code="a">United States</subfield><subfield code="b">Louisiana</subfield><subfield code="c">Winn</subfield><subfield code="d">Winnfield.</subfield></datafield><datafield ind1="0" ind2="0" tag="780"><subfield code="t">Comrade (Winnfield, La.)</subfield><subfield code="w">(DLC)sn 88064358</subfield></datafield><datafield ind1="0" ind2="4" tag="785"><subfield code="t">Winnfield news-American</subfield><subfield code="w">(DLC)sn 88064379</subfield></datafield><datafield ind1="1" ind2=" " tag="029"><subfield code="a">AU@</subfield><subfield code="b">000025905241</subfield></datafield></record>